@book{knuth1981art,
    title={The Art of Computer Programming, Volume 2: Seminumerical Algorithms},
    author={Knuth, Donald E.},
    year={1981},
    publisher={Addison-Wesley}
}

@article{lecuyer1999uniform,
    title={Uniform random number generation},
    author={L'Ecuyer, Pierre},
    journal={Annals of Operations Research},
    volume={86},
    pages={213--233},
    year={1994},
    publisher={Springer}
}

@article{owen2003survey,
    title={A survey of quasi-random point sequences},
    author={Owen, Art B},
    journal={ACM SIGSAM Bulletin},
    volume={37},
    number={2},
    pages={20--29},
    year={2003},
    publisher={ACM New York, NY, USA}
}

@book{menezes2018handbook,
    title={Handbook of Applied Cryptography},
    author={Menezes, Alfred J and van Oorschot, Paul C and Vanstone, Scott A},
    year={2018},
    publisher={CRC press}
}

@book{robert2004monte,
    title={Monte Carlo methods},
    author={Robert, Christian P and Casella, George},
    year={2004},
    publisher={Springer}
}

@inproceedings{holzinger2018machine,
    title={Machine learning for health informatics: state-of-the-art and future challenges},
    author={Holzinger, Andreas and Langs, Georg and Denk, Helmut and Zatloukal, Kurt and M{\"u}ller, Heimo},
    booktitle={Machine Learning for Health Informatics},
    pages={271--293},
    year={2018},
    publisher={Springer}
}

