@book{Goodfellow-et-al-2016,
    title={Deep Learning},
    author={Ian Goodfellow and Yoshua Bengio and Aaron Courville},
    publisher={MIT Press},
    year={2016},
    url={http://www.deeplearningbook.org}
} 

@book{Haykin2009,
    title={Neural Networks and Learning Machines},
    author={Simon Haykin},
    publisher={Pearson Education},
    year={2009}
}

@article{Rumelhart1986,
    title={Learning representations by back-propagating errors},
    author={David E. Rumelhart and Geoffrey E. Hinton and Ronald J. Williams},
    journal={Nature},
    volume={323},
    pages={533--536},
    year={1986}
}

@article{LeCun1998,
  title={Gradient-based learning applied to document recognition},
  author={LeCun, Y. and Bottou, L. and Bengio, Y. and Haffner, P.},
  journal={Proceedings of the IEEE},
  volume={86},
  number={11},
  pages={2278--2324},
  year={1998}
}
