@book{robins1995rhind,
    title={The Rhind Mathematical Papyrus: An Ancient Egyptian Text},
    author={Robins, Gay and Shute, Charles},
    year={1995},
    publisher={Dover Publications}
}

@book{robson2002words,
    title={Words and Pictures: New Light on Plimpton 322},
    author={Robson, Eleanor},
    year={2002},
    publisher={American Mathematical Society}
}

@misc{archimedespi,
    title={Archimedes and the Computation of Pi},
    author={O'Connor, J.J. and Robertson, E.F.},
    year={1996},
    url={http://www-history.mcs.st-and.ac.uk/HistTopics/Pi_through_the_ages.html}
}

@book{beckmann1971history,
    title={A History of Pi},
    author={Beckmann, Petr},
    year={1971},
    publisher={Golem Press}
}

@book{zuchongzhi,
    title={Zu Chongzhi and His Calculation of Pi},
    author={Li, Yan and Du, Shiran},
    year={1987},
    publisher={Science Press}
}

@book{madhava,
    title={Madhava of Sangamagrama and the Indian Circle Method},
    author={Joseph, George Gheverghese},
    year={2009},
    publisher={Pearson Education}
}

@book{leibniz,
    title={The Early Mathematics of Leonhard Euler},
    author={Sandifer, C. Edward},
    year={2007},
    publisher={Mathematical Association of America}
}

@book{nilakantha,
    title={Keralese Mathematics: Its Possible Transmission to Europe and the Consequential Educational Implications},
    author={Joseph, George Gheverghese},
    year={2009},
    publisher={Pearson Education}
}

@book{wallis,
    title={The Arithmetic of Infinitesimals: John Wallis 1656},
    author={Wallis, John and Stedall, Jacqueline},
    year={2004},
    publisher={Springer}
}

@article{montecarlo,
    title={The Monte Carlo method},
    author={Metropolis, Nicholas and Ulam, Stanislaw},
    journal={Journal of the American statistical association},
    volume={44},
    number={247},
    pages={335--341},
    year={1949},
    publisher={Taylor \& Francis}
}

@article{bbp,
    title={The BBP algorithm for pi},
    author={Bailey, David H and Borwein, Peter B and Plouffe, Simon},
    journal={Scientific American},
    volume={291},
    number={4},
    pages={100--102},
    year={2004},
    publisher={Nature Publishing Group}
}

@article{chudnovsky,
    title={The computation of classical constants},
    author={Chudnovsky, David V and Chudnovsky, Gregory V},
    journal={Proceedings of the National Academy of Sciences},
    volume={86},
    number={21},
    pages={8178--8182},
    year={1989},
    publisher={National Acad Sciences}
}